% ======================================================================
% guide.bib
% Copyright (c) Markus Kohm, 2002-2012
%
% This file is part of the LaTeX2e KOMA-Script bundle.
%
% This work may be distributed and/or modified under the conditions of
% the LaTeX Project Public License, version 1.3c of the license.
% The latest version of this license is in
%   http://www.latex-project.org/lppl.txt
% and version 1.3c or later is part of all distributions of LaTeX 
% version 2005/12/01 or later and of this work.
%
% This work has the LPPL maintenance status "author-maintained".
%
% The Current Maintainer and author of this work is Markus Kohm.
%
% This work consists of all files listed in manifest.txt.
% ----------------------------------------------------------------------
% guide.bib
% Copyright (c) Markus Kohm, 2002-2012
%
% Dieses Werk darf nach den Bedingungen der LaTeX Project Public Lizenz,
% Version 1.3c, verteilt und/oder veraendert werden.
% Die neuste Version dieser Lizenz ist
%   http://www.latex-project.org/lppl.txt
% und Version 1.3c ist Teil aller Verteilungen von LaTeX
% Version 2005/12/01 oder spaeter und dieses Werks.
%
% Dieses Werk hat den LPPL-Verwaltungs-Status "author-maintained"
% (allein durch den Autor verwaltet).
%
% Der Aktuelle Verwalter und Autor dieses Werkes ist Markus Kohm.
% 
% Dieses Werk besteht aus den in manifest.txt aufgefuehrten Dateien.
% ======================================================================
%
% Bibliography of scrguien
% ----------------------------------------------------------------------
% Bibliographie fuer den scrguide
%
% ======================================================================

@Article{   DANTE:TK0297:MJK1,
  language= {ngerman},
  author  = {Markus Kohm},
  title   = {{\KOMAScript} -- Eine Alternative zu den
             Standardklassen?},
  journal = {Die {\TeX}nische Komödie},
  year    = 1996,
  volume  = {2},
  pages   = {14--33},
  note    = {{DANTE} e.\,V.}
}

@Article{   DANTE:TK0402:MJK,
  language= {ngerman},
  author  = {Markus Kohm},
  title   = {Satzspiegelkonstruktionen im Vergleich},
  journal = {Die {\TeX}nische Komödie},
  volume  = {4},
  year    = 2002,
  pages   = {28--48},
  note    = {{DANTE} e.\,V.}
}

@Article{   DANTE:TK0203:MJK,
  language= {ngerman},
  author  = {Markus Kohm},
  title   = {Moderne Briefe mit {\KOMAScript}},
  journal = {Die {\TeX}nische Komödie},
  volume  = {2},
  year    = 2003,
  pages   = {32--51},
  note    = {{DANTE} e.\,V.}
}

@Book{      book:komascript,
  language= {ngerman},
  author  = {Kohm, Markus and Morawski, Jens-Uwe},
  title   = {{\KOMAScript}},
  subtitle= {Eine Sammlung von Klassen und Paketen für {\LaTeXe}},
  year    = 2008,
  edition = 3,
  publisher={Lehmanns Media},
  address = {Berlin},
  series  = {Edition DANTE},
  isbn    = {978-3-86541-291-1}
}

@Book{      DUDEN,
  language= {ngerman},
  author  = {DUDEN},
  title   = {Die deutsche Rechtschreibung},
  publisher = {DUDENVERLAG},
  year    = 1996,
  address = {Mannheim},
  edition = 21
}

@Book{      knuth:mfbook,
  language= {english},
  author  = {Donald E. Knuth},
  title   = {The {\MF book}},
  publisher = {Addison-Wesley Publishing Company},
  year    = 1991,
  address = {Reading, Mass.},
  edition = 6,
  volume  = {C},
  series  = {Computers and Typesetting}
}

@Book{      knuth:texbook,
  language= {english},
  author  = {Donald E. Knuth},
  title   = {The {\TeX book}},
  publisher = {Addison-Wesley Publishing Company},
  address = {Reading, Mass.},
  year    = 1990,
  edition = {19},
  volume  = {A},
  series  = {Computers and Typesetting}
}

@Book{      JTsch87,
  language= {ngerman},
  author  = {Jan Tschichold},
  title   = {Ausgewählte Aufsätze über Fragen der Gestalt des Buches und der Typographie},
  publisher = {Birkhäuser Verlag},
  year    = 1987,
  address = {Basel},
  edition = 2
}

@Book{      JTschErfreulich,
  language  = {ngerman},
  author    = {Jan Tschichold},
  title     = {Erfreuliche Drucksachen durch gute Typographie},
  publisher = {Ravensburger Buchverlag Otto Maier GmbH},
  year      = 1960,
  note      = {Nachdruck bei: MaroVerlag, Augsburg, 2001},
  isbn      = {3-87512-413-8}
}

@Book{      TYPO:ErsteHilfe,
  language= {ngerman},
  author  = {Hans Peter Willberg and Friedrich Forssman},
  title   = {Erste Hilfe in Typografie},
  subtitle = {Ratgeber für Gestaltung mit Schrift},
  publisher = {Verlag Hermann Schmidt},
  year    = 2000,
  address = {Mainz}
}

@Book{      TYPO:Werkstattbuch,
  language = {ngerman},
  author =  {Indra Kupferschmid},
  editor =  {},
  title =   {Buchstaben kommen selten allein: Ein typografisches Werkstattbuch},
  publisher = {Universitätsverlag Weimar},
  year =    {2000},
  note =    {{ISBN} 3-86068-140-0}
}

@InCollection{    JTschMass,
  language= {ngerman},
  author        = {Jan Tschichold},
  title         = {Willkürfreie Maßverhältnisse der Buchseite und des Satzspiegels},
  booktitle     = {Schriften 1925-1974},
  year          = 1992,
  publisher     = {Brinkmann \& Bose},
  address       = {Berlin}
}

@Manual{    latex:source2e,
  language = {english},
  author   = {Johannes Braams and David Carlisle and Alan Jeffrey and Leslie Lamport and Frank Mittelbach and Chris Rowley and Rainer Schöpf},
  title    = {The {\LaTeX2e} Source},
  year     = 2005,
  month    = 12
}

@Manual{    makeindex,
  language= {english},
  author  = {Leslie Lamport},
  title   = {{\Package{MakeIndex}}: An Index Processor For {\LaTeX}},
  year    = 1987,
  month   = feb,
  url     = {CTAN://indexing/makeindex/doc/makeindex.pdf}
}

@Manual{   xindy,
  language= {english},
  author  = {Roger Kehr},
  title   = {XINDY, A Flexible Indexing System},
  year    = 1997},
  month   = mar,
  edition = {1.1},
  url     = {http://www.xindy.org/doc/tutorial.html}
}

@Manual{    l2kurz,
  language      = {ngerman},
  author  = {Walter Schmidt and Jörg Knappen and Hubert Partl and Irene 
Hyna},
  title   = {{\LaTeXe}-Kurzbeschreibung},
  year    = 1999,
  month   = apr,
  url     = {CTAN://info/lshort/german/}
}

@Manual{    lshort,
  language= {english},
  author  = {Tobias Oetker and Hubert Partl and Irene Hyna and Elisabeth 
Schlegl},
  title   = {The Not So Short Introduction to {\LaTeXe}},
  year    = 1999,
  month   = apr,
  version = {3.7},
  url     = {CTAN://info/lshort/}
}

@Book{      latexbook,
  language      = {ngerman},
   author  = {Leslie Lamport},
   title   = {Das {\LaTeX}-Handbuch},
   publisher = {Addison-Wesley Publishing Company},
   address = {Bonn, Paris {u.\,a.}},
   year    = 1995
}

@Manual{    btxdoc,
  language= {english},
   author  = {Oren Patashnik},
   title   = {{Bib\TeX ing}},
   year    = 1988,
   month   = feb,
   url     = {CTAN://biblio/bibtex/distribs/doc/btxdoc.tex}
}

@Manual{    btxhak,
  language= {english},
   author  = {Oren Patashnik},
   title   = {Designing {Bib\TeX} Styles},
   year    = 1988,
   month   = feb,
   url     = {CTAN://biblio/bibtex/distribs/doc/btxhak.tex}
}

@Misc{      latex:classes,
  language= {english},
  author  = {Leslie Lamport and Frank Mittelbach and Johannes Braams},
  title   = {Standard Document Classes for {\LaTeX} version 2e},
  year    = 2000,
  month   = may,
  edition = {1.4b},
  url     = {CTAN://macros/latex/base/classes.dtx}
}

@Misc{      latex:cfgguide,
  language= {english},
  author  = {{\LaTeX3} Project Team},
  title   = {Configuration options for {\LaTeXe}},
  year    = 2004,
  month   = feb,
  url     = {CTAN://macros/latex/doc/cfgguide.pdf}
}

@Misc{      latex:clsguide,
  language= {english},
  author  = {{\LaTeX3} Project Team},
  title   = {{\LaTeXe} for class and package writers},
  year    = 2006,
  month   = feb,
  url     = {CTAN://macros/latex/doc/clsguide.pdf}
}

@Misc{      latex:fntguide,
  language= {english},
  author  = {{\LaTeX3} Project Team},
  title   = {{\LaTeXe} font selection},
  year    = 2005,
  month   = nov,
  url     = {CTAN://macros/latex/doc/fntguide.pdf}
}

@Misc{      latex:usrguide,
  language= {english},
  author  = {{\LaTeX3} Project Team},
  title   = {{\LaTeXe} for authors},
  year    = 2005,
  month   = nov,
  url     = {CTAN://macros/latex/doc/usrguide.pdf}
}

@Misc{      package:adrconv,
   language= {ngerman},
   author  = {Axel Kielhorn},
   title   = {adrconv},
   year    = 1999,
   month   = nov,
   edition = {1.2},
   url     = {CTAN://macros/latex/contrib/adrconv/}
}

@Misc{      package:CJK,
  language= {english},
  author  = {Werner Lemberg},
  title   = {{\Package{CJK}}},
  year    = 2008,
  month   = dec,
  edition = {4.8.2},
  url     = {CTAN://languages/chinese/CJK/}
}

@Misc{     package:engord,
  language= {english},
  author  = {Heiko Oberdiek},
  title   = {The {\Package{engord}} package},
  year    = 2010,
  month   = mar,
  edition = {1.8},
  url     = {CTAN://macros/latex/contrib/oberdiek/}
}

@Misc{      package:envlab,
  language= {english},
  author  = {Boris Veytsman},
  title   = {Printing Envelopes and Labels in {\LaTeXe}: {\Package{EnvLab}} Package},
  year    = 1997,
  month   = jul,
  edition = {1.2},
  url     = {CTAN://macros/latex/contrib/envlab}
}

@Misc{      package:etoolbox,
  language= {english},
  author  = {Philipp Lehman},
  title   = {The {\Package{etoolbox}} Package},
  year    = 2011,
  month   = jan,
  edition = {2.1},
  url     = {CTAN://macros/latex/contrib/etoolbox/}
}

@Misc{      package:etoolbox-de,
  language= {ngerman},
  author  = {Philipp Lehman\and Tim Enderling},
  title   = {Das Paket {\Package{etoolbox}}},
  year    = 2011,
  month   = jan,
  edition = {2.1},
  url     = {CTAN://macros/latex/contrib/etoolbox/}
}

@Misc{    package:microtype,
  language= {english},
  author  = {R Schlicht},
  title   = {The {\Package{microtype}} package: An interface to the micro-typographic extensions of pdf{\TeX}},
  year    = 2010,
  month   = jan,
  edition = {2.4},
  url     = {CTAN://macros/latex/contrib/microtype}
}

@Misc{      package:selinput,
  language= {english},
  author  = {Heiko Oberdiek},
  title   = {The {\Package{selinput}} package},
  year    = 2007,
  month   = sep,
  edition = {1.2},
  url     = {CTAN://macros/latex/contrib/oberdiek}
}

@Misc{      package:tabularx,
  language= {english},
  author  = {David Carlisle},
  title   = {The {\Package{tabularx}} package},
  year    = 1999,
  month   = jan,
  edition = {2.07},
  url     = {CTAN://macros/latex/tools}
}

@Misc{      package:footmisc,
  language= {english},
   author  = {Robin Fairbairns},
   title   = {{\Package{footmisc}} --- a portmanteau package for customising footnotes in {\LaTeX}},
   year    = 2005,
   month   = mar,
   url     = {CTAN://macros/latex/contrib/footmisc}
}

@Misc{     package:marginnote,
  language= {english},
   author  = {Markus Kohm},
   title   = {Non-Floating Margin Notes with {\Package{marginnote}}},
   year    = 2006,
   month   = oct,
   edition = {1,1},
   url     = {CTAN://macros/latex/contrib/marginnote}
}

@Misc{      package:tocstyle,
  language= {english},
   author  = {Markus Kohm},
   title   = {The {\KOMAScript} package {\Package{tocstyle}}},
   year    = 2009,
   month   = nov,
   edition = {0.2d},
   note    = {\KOMAScript}
}

@Misc{      package:splitindex,
  language= {english},
   author  = {Markus Kohm},
   title   = {Creating More Than One Index Using {\Package{splitidx}} And {\Package{SplitIndex}}},
   year    = 2006,
   month   = jun,
   edition = {1.0},
   url     = {CTAN://macros/latex/contrib/splitindex}
}

@Misc{      package:setspace,
  language= {english},
  author  = {Geoffrey Tobin},
  title   = {{\Package{setspace}} {\LaTeX} package},
  year    = 2000,
  month   = dec,
  edition = {6.7},
  url     = {CTAN://macros/latex/contrib/setspace/}
}

@Misc{      package:geometry,
  language= {english},
  author  = {Hideo Umeki},
  title   = {The {\Package{geometry}} package},
  year    = 2000,
  month   = jun,
  edition = {2.3},
  url     = {CTAN://macros/latex/contrib/geometry/}
}

@Misc{      package:german,
  language = {english},
  author  = {Bernd Raichle},
  title   = {{\Package{german}} package},
  year    = 1998,
  month   = jul,
  edition = {2.5e},
  url     = {CTAN://language/german/}
}

@Misc{      package:ngerman,
  language = {english},
  author  = {Bernd Raichle},
  title   = {{\Package{ngerman}} package},
  year    = 1998,
  month   = jul,
  edition = {2.5e},
  url     = {CTAN://language/german/}
}

@Misc{      package:xcolor,
  language  = {english},
  author    = {Dr. Uwe Kern},
  title     = {Extending {\LaTeX}'s color facilities: the {\Package{xcolor}} package},
  year      = 2007,
  month     = jan,
  edition   = {2.11},
  url       = {CTAN://macros/latex/contrib/xcolor/}
}

@Misc{      package:graphics,
  language= {english},
  author  = {David P. Carlisle},
  title   = {Packages in the `graphics' bundle},
  year    = 1999,
  month   = feb,
  url     = {CTAN://macros/latex/required/graphics/}
}

@Misc{      package:keyval,
  language = {english},
  author   = {David Carlisle},
  title    = {The {\Package{keyval}} package},
  year     = 1999,
  month    = mar,
  edition  = {1.13},
  url      = {CTAN://macros/latex/required/graphics/}
}

@Misc{      package:multicol,
  language= {english},
  author  = {Frank Mittelbach},
  title   = {An environment for multicolumn output},
  year    = 2000,
  month   = jul,
  edition = {1.5z},
  url     = {CTAN://macros/latex/required/tools/}
}

@Misc{      package:ifthen,
  language= {english},
  author  = {David Carlisle},
  title   = {The {\Package{ifthen}} package},
  year    = 1999,
  month   = sep,
  edition = {1.1b},
  url     = {CTAN://macros/latex/base/}
}

@Misc{      package:amsmath,
  language = {english},
  author   = {{American Mathematical Society}},
  title    = {User's Guide for the {\Package{amsmath}} Package},
  year     = 2002,
  month    = feb,
  edition  = {2.0},
  url      = {CTAN://macros/latex/required/amslatex/math/}
}

@Misc{      package:caption,
  language = {ngerman},
  author  = {Axel Sommerfeldt},
  title   = {Anpassen der Abbildungs- und Tabellenbeschriftungen mit Hilfe des {\Package{caption}}-Paketes},
  year    = 2008,
  month   = apr,
  edition = {3.1b},
  url     = {CTAN://macros/latex/contrib/caption/}
}

@Misc{      package:caption.engl,
  language = {english},
  author  = {Axel Sommerfeldt},
  title   = {Customizing captions of floating environments using the {\Package{caption}} package},
  year    = 2008,
  month   = apr,
  edition = {3.1b},
  url     = {CTAN://macros/latex/contrib/caption/}
}

% I don't want the french changes!
@Misc{      package:french,
  language= {english},
  author  = {Bernard Gaulle},
  title   = {Les distributions de fichiers de francisation pour LaTeX},
  year    = 2003,
  month   = dec,
  edition = {5,80},
  url     = {CTAN://language/french/}
}

@Misc{      package:babel,
  language= {english},
  author  = {Johannes Braams},
  title   = {Babel, a multilangual package for use with {\LaTeX}'s standard 
document classes},
  year    = 2001,
  month   = feb,
  edition = {3.7},
  url     = {CTAN://macros/latex/required/babel/}
}

@Misc{      package:eso-pic,
  language = {english},
  author   = {Rolf Niepraschk},
  title    = {The {\Package{eso-pic}} package},
  month    = oct,
  year     = 2010,
  edition  = {2.0c},
  url      = {CTAN://macros/latex/contrib/eso-pic/}
}

@Misc{      package:extsizes,
  language= {english},
  author  = {James Kilfiger},
  title   = {{\Package{extsizes}}, a non standard {\LaTeX}-package},
  year    = 1999,
  month   = nov,
  edition = {1.4a},
  url     = {CTAN://macros/latex/contrib/extsizes/}
}

@Misc{      package:fancyhdr,
  language= {english},
  author  = {Piet van Oostrum},
  title   = {Page layout in {\LaTeX}},
  year    = 2000,
  month   = oct,
  edition = {2.0},
  url     = {CTAN://macros/latex/contrib/fancyhdr/}
}

@Misc{      package:natbib,
  language= {english},
  author  = {Patrick W. Daly},
  title   = {Natural Sciences Citations and References},
  year    = 1999,
  month   = may,
  edition = {7.0},
  url     = {CTAN://macros/latex/contrib/natbib/}
}

@Misc{     package:ragged2e,
  language = {english},
  author   = {Martin Schröder},
  title    = {The {\Package{Ragged2e}} package},
  year     = 2009,
  month    = jun,
  edition  = {2.1},
  url      = {CTAN://macros/latex/contrib/ms/}
}

@Misc{      package:topcapt,
  language= {english},
  author  = {Robin Fairbairns},
  title   = {topcapt.sty},
  year    = 1999,
  month   = mar,
  edition = {1.1a},
  url     = {CTAN://macros/latex/contrib/misc/topcapt.sty}
}

@Misc{      package:hyperref,
  language= {english},
  author  = {Sebastian Rahtz},
  title   = {Hypertext marks in {\LaTeX}: the {\Package{hyperref}} package},
  year    = 2001,
  month   = feb,
  edition = {6.71c},
  url     = {CTAN://macros/latex/contrib/hyperref/}
}

@Misc{      package:float,
  language= {english},
  author  = {Anselm Lingnau},
  title   = {An Improved Environment for Floats},
  year    = 2001,
  month   = jul,
  edition = {1.2e},
  url     = {CTAN://macros/latex/contrib/float/}
}

@Misc{      package:floatrow,
  language = {english},
  author  = {Olga Lapko},
  title   = {The {\Package{floatrow}} package},
  year    = 2006,
  month   = jul,
  edition = {0.1j},
  url     = {CTAN://macros/latex/contrib/floatrow/}
}

@Misc{      package:longtable,
  language = {english},
  author  = {David Carlisle},
  title   = {The {\Package{longtable}} package},
  year    = 2004,
  month   = feb,
  edition = {4.11},
  url     = {CTAN://macros/latex/required/tools/}
}

@Misc{      package:tabu,
  language = {english},
  author  = {Florent Chervet},
  title   = {tabu and longtabu},
  year    = 2011,
  month   = feb,
  edition = {2.8},
  url     = {CTAN://macros/latex/contrib/tabu/}
}

@Misc{      package:mparhack,
  language= {english},
  author  = {Tom Sgouros and Stefan Ulrich},
  title   = {The {\Package{mparhack}} package},
  year    = 2003,
  month   = may,
  edition = {1.3a},
  url     = {CTAN://macros/latex/contrib/mparhack/}
}

@Misc{      url:aka,
  author  = {Axel Kielhorn},
  title   = {{\LaTeX} page},
  url     = {http://www-public.tu-bs.de:8080/~i0080108/latex.html}
}

@Misc{      homepage,
  language = {ngerman},
  key      = {KDP},
  title    = {{\KOMAScript{}} Homepage},
  url      = {http://www.komascript.de}
}

@Misc{            www:NF.lco,
  language      = {english},
  author        = {Jean-Marie Pacquet},
  title         = {{KomaLetter2}; {E}xample by {J}ean-{M}arie {P}acquet ({F}rench style)},
  institution   = {wiki.lyx.org},
  howpublished  = {Wiki},
  url           = {http://wiki.lyx.org/Examples/KomaLetter2#toc6}
}

@Misc{            www:blaettery,
  language      = {ngerman},
  author        = {Jürgen F. Schopp},
  address       = {mailto: \url{jurgen.schapp@uta.fi}},
  title         = {Blätter (und Tipps) zur Typografie},
  institution   = {Institut für Sprach- und Translationswissenschaften},
  organization  = {Universität Tampere, Finnland},
  year          = 2002,
  month         = sep,
  edition       = {2},
  url           = {http://www.uta.fi/~trjusc/typoblatt.htm}
}

@Misc{            zeitung,
  language      = {ngerman},
  author        = {Martin Z. Schröder},
  title         = {Die Anmut des Unscheinbaren},
  howpublished  = {Berliner Zeitung},
  year          = 1998,
  month         = {10. Oktober},
  url           = {http://www.berlinonline.de/wissen/berliner_zeitung/archiv/1998/1010/magazin/0003/}
}

@Misc{            www:gutetypo,
  language      = {ngerman},
  author        = {Hermann Rotermund},
  title         = {Gute Typographie auf Papier und im Web},
  url           = {http://www.weisses-rauschen.de/hero/Typographie.htm}
}

@Misc{            www:typoclass,
  language      = {ngerman},
  author        = {Axel Reichert},
  title         = {Typografie -- Gestaltung einer Beispielklasse},
  howpublished  = {Tutorium auf der Tagung DANTE'99},
  year          = 1999,
  month         = feb,
  url           = {CTAN://info/german/typografie/}
}

@Misc{      DANTE:FAQ,
  language = {ngerman},
  author   = {Wiki},
  title    = {Deutsche {\TeX}-FAQ},
  url      = {http://projekte.dante.de/DanteFAQ/WebHome}
}

@Misc{      UK:FAQ,
  language= {english},
  key     = {FAQ},
  editor  = {Robin Fairbairns},
  title   = {TeX Frequently Asked Questions on the Web},
  year    = 2011,
  month   = apr,
  edition = {3.22},
  url     = {http://www.tex.ac.uk/faq/}
}

% end of file `scrguide.bib'
