%%% -*-BibTeX-*-
%%% ====================================================================
%%%  BibTeX-file{
%%%     author          = "Nelson H. F. Beebe",
%%%     version         = "1.12",
%%%     date            = "01 November 2000",
%%%     time            = "08:10:36 MDT",
%%%     filename        = "gut.bib",
%%%     address         = "Center for Scientific Computing
%%%                        University of Utah
%%%                        Department of Mathematics, 322 INSCC
%%%                        155 S 1400 E RM 233
%%%                        Salt Lake City, UT 84112-0090
%%%                        USA",
%%%     telephone       = "+1 801 581 5254",
%%%     FAX             = "+1 801 585 1640, +1 801 581 4148",
%%%     checksum        = "46228 1368 4056 36890",
%%%     email           = "beebe at math.utah.edu, beebe at acm.org,
%%%                        beebe at computer.org, beebe at ieee.org
%%%                        (Internet)",
%%%     codetable       = "ISO/ASCII",
%%%     keywords        = "bibliography, Cahiers GUTenberg",
%%%     supported       = "yes",
%%%     docstring       = "This file contains a BibTeX bibliography
%%%                        for the journal Cahiers GUTenberg,
%%%                        published by l'Association GUTenberg
%%%                        (Groupe des Utilisateurs de \TeX{}
%%%                        Francophones).
%%%
%%%                        At version 1.12, the year coverage looked
%%%                        like this:
%%%
%%%                             1988 (  7)     1990 ( 31)
%%%                             1989 ( 42)     1991 ( 47)
%%%
%%%                             Article:        127
%%%
%%%                             Total entries:  127
%%%
%%%                        The checksum field above contains a CRC-16
%%%                        checksum as the first value, followed by the
%%%                        equivalent of the standard UNIX wc (word
%%%                        count) utility output of lines, words, and
%%%                        characters.  This is produced by Robert
%%%                        Solovay's checksum utility.",
%%%  }
%%% ====================================================================

@Preamble{"\input gut.sty"}

@String{j-GUTENBERG = "Cahiers GUTenberg"}

@Article{Andre:CG-0-1,
  author =       "J. Andr{\'e} and B. Gaulle",
  title =        "{\'E}ditorial",
  journal =      j-GUTENBERG,
  year =         "1988",
  volume =       "0",
  pages =        "1--2",
  month =        "avril",
}

@Article{Kolodzieska:CG-0-3,
  author =       "H. Kolodzieska",
  title =        "Le traitement des textes polonais avec le logiciel
                 \smash{\TeX}",
  journal =      j-GUTENBERG,
  year =         "1988",
  volume =       "0",
  pages =        "3--10",
  month =        "avril",
}

@Article{Gaulle:CG-0-11,
  author =       "B. Gaulle",
  title =        "La publication assist{\'e}e au {Circ}{\'e}",
  journal =      j-GUTENBERG,
  year =         "1988",
  volume =       "0",
  pages =        "11--16",
  month =        "avril",
}

@Article{Louarn:CG-0-17,
  author =       "Ph. Louarn",
  title =        "Une exp{\'e}rience d'utilisation de \smash{\LaTeX}~:
                 le rapport d'activit{\'e} de l'{Inria}",
  journal =      j-GUTENBERG,
  year =         "1988",
  volume =       "0",
  pages =        "17--24",
  month =        "avril",
}

@Article{Laugier:CG-0-25,
  author =       "M. Laugier",
  title =        "\smash{\TeX} et l'imprimerie",
  journal =      j-GUTENBERG,
  year =         "1988",
  volume =       "0",
  pages =        "25--29",
  month =        "avril",
}

@Article{Carnes:CG-0-30,
  author =       "L. Carnes",
  title =        "{PC}\smash{\TeX} news",
  journal =      j-GUTENBERG,
  year =         "1988",
  volume =       "0",
  pages =        "30--31",
  month =        "avril",
}

@Article{Gaulle:CG-0-32,
  author =       "B. Gaulle",
  title =        "Vous avez dit pol{\'e}mique~?",
  journal =      j-GUTENBERG,
  year =         "1988",
  volume =       "0",
  pages =        "32--36",
  month =        "avril",
}

@Article{Gaulle:CG-1-1,
  author =       "B. Gaulle",
  title =        "{\'E}ditorial",
  journal =      j-GUTENBERG,
  year =         "1989",
  volume =       "1",
  pages =        "1--1",
  month =        "avril",
}

@Article{Chahuneau:CG-1-2,
  author =       "F. Chahuneau",
  title =        "Quelques r{\'e}flexions sur le traitement de textes
                 informatis{\'e} {\`a} propos du logiciel \smash{\TeX}",
  journal =      j-GUTENBERG,
  year =         "1989",
  volume =       "1",
  pages =        "2--15",
  month =        "avril",
}

@Article{Poggenbur:CG-1-16,
  author =       "R.-P. Poggenbur",
  title =        "\smash{\TeX} et {Beaudelaire}",
  journal =      j-GUTENBERG,
  year =         "1989",
  volume =       "1",
  pages =        "16--20",
  month =        "avril",
}

@Article{Andre:CG-1-21,
  author =       "J. Andr{\'e}",
  title =        "\smash{\LaTeX} ou {SGML} pouvaient-ils faire
                 {\'e}viter la catastrophe de la gare de {Lyon}~?",
  journal =      j-GUTENBERG,
  year =         "1989",
  volume =       "1",
  pages =        "21--25",
  month =        "avril",
}

@Article{Brouard:CG-1-26,
  author =       "N. Brouard",
  title =        "Pr{\'e}sentation d'une revue mensuelle compos{\'e}e
                 automatiquement par \smash{\LaTeX} {\`a} partir d'une
                 base de donn{\'e}es relationnelle",
  journal =      j-GUTENBERG,
  year =         "1989",
  volume =       "1",
  pages =        "26--34",
  month =        "avril",
}

@Article{Violante:CG-1-35,
  author =       "A. Violante",
  title =        "{DDI} dessin {DVI}",
  journal =      j-GUTENBERG,
  year =         "1989",
  volume =       "1",
  pages =        "35--38",
  month =        "avril",
}

@Article{Siebenmann:CG-1-39,
  author =       "L. Siebenmann",
  title =        "{\'E}volution en amont de \smash{\TeX}~: le
                 foisonnement des pr{\'e}processeurs pour la
                 math{\'e}matique",
  journal =      j-GUTENBERG,
  year =         "1989",
  volume =       "1",
  pages =        "39--44",
  month =        "avril",
}

@Article{Borghi:CG-1-45,
  author =       "B. Borghi",
  title =        "Les concepts graphiques de {Post\-Script}",
  journal =      j-GUTENBERG,
  year =         "1989",
  volume =       "1",
  pages =        "45--51",
  month =        "avril",
}

@Article{Weil:CG-1-52,
  author =       "G. Weil",
  title =        "Le coin des gourous",
  journal =      j-GUTENBERG,
  year =         "1989",
  volume =       "1",
  pages =        "52--53",
  month =        "avril",
}

@Article{Andre:CG-1-54,
  author =       "J. Andr{\'e}",
  title =        "M{\'e}dia\smash{\TeX}",
  journal =      j-GUTENBERG,
  year =         "1989",
  volume =       "1",
  pages =        "54--60",
  month =        "avril",
}

@Article{Louarn:CG-1-61,
  author =       "Ph. Louarn",
  title =        "Programma\smash{\TeX}",
  journal =      j-GUTENBERG,
  year =         "1989",
  volume =       "1",
  pages =        "61--63",
  month =        "avril",
}

@Article{Borghi:CG-1-64,
  author =       "B. Borghi",
  title =        "Les fiches cuisine d'Onc' {Post\-Script}",
  journal =      j-GUTENBERG,
  year =         "1989",
  volume =       "1",
  pages =        "64--66",
  month =        "avril",
}

@Article{Gaulle:CG-2-3,
  author =       "B. Gaulle",
  title =        "L'ann{\'e}e de tous les anniversaires",
  journal =      j-GUTENBERG,
  year =         "1989",
  volume =       "2",
  pages =        "3--10",
  month =        "mai",
}

@Article{Brouard:CG-2-11,
  author =       "N. Brouard",
  title =        "X-window, \smash{\LaTeX}, \smash{\TeX}draw, {PLOT79}
                 ou comment calculer, r{\'e}diger, dessiner et imprimer
                 plus ais{\'e}ment",
  journal =      j-GUTENBERG,
  year =         "1989",
  volume =       "2",
  pages =        "11--12",
  month =        "mai",
}

@Article{Beebe:CG-2-13,
  author =       "N. H. F. Beebe",
  title =        "\smash{\TeX} and graphics: the state of the problem",
  journal =      j-GUTENBERG,
  year =         "1989",
  volume =       "2",
  pages =        "13--53",
  month =        "mai",
}

@Article{Merlet:CG-2-54,
  author =       "J.-P. Merlet",
  title =        "{JPdraw}, un {\'e}diteur de dessins pour
                 \smash{\LaTeX} sur {Sun}",
  journal =      j-GUTENBERG,
  year =         "1989",
  volume =       "2",
  pages =        "54--62",
  month =        "mai",
}

@Article{Antoniadis:CG-2-63,
  author =       "A. Antoniadis",
  title =        "Graphisme et \smash{\TeX} dans un environnement
                 {{Macintosh}}",
  journal =      j-GUTENBERG,
  year =         "1989",
  volume =       "2",
  pages =        "63--67",
  month =        "mai",
}

@Article{Laugier:CG-2-68,
  author =       "M. Laugier",
  title =        "Une application pratique~: traduction en \smash{\TeX}
                 d'un fichier ascii avec r{\'e}cup{\'e}ration des
                 tableaux et graphiques",
  journal =      j-GUTENBERG,
  year =         "1989",
  volume =       "2",
  pages =        "68--72",
  month =        "mai",
}

@Article{Cerin:CG-2-73,
  author =       "Ch. C{\'e}rin",
  title =        "Gi\smash{\TeX}, {Paps}~: deux logiciels manipulant
                 {Post\-Script} et \smash{\LaTeX}",
  journal =      j-GUTENBERG,
  year =         "1989",
  volume =       "2",
  pages =        "73--80",
  month =        "mai",
}

@Article{Ferguson:CG-2-81,
  author =       "M. J. Ferguson",
  title =        "L'incorporation de graphiques dans
                 {INRS}\smash{\TeX}",
  journal =      j-GUTENBERG,
  year =         "1989",
  volume =       "2",
  pages =        "81--89",
  month =        "mai",
}

@Article{Decouty:CG-2-90,
  author =       "B. Decouty and Ph. Louarn",
  title =        "L'environnement de production de documents
                 \smash{\TeX} {\`a} l'{Irisa}",
  journal =      j-GUTENBERG,
  year =         "1989",
  volume =       "2",
  pages =        "90--95",
  month =        "mai",
}

@Article{Andre:CG-3-1,
  author =       "J. Andr{\'e}",
  title =        "{\'E}ditorial~: touche pas {\`a} mon prote",
  journal =      j-GUTENBERG,
  year =         "1989",
  volume =       "3",
  pages =        "1--3",
  month =        "octobre",
}

@Article{Carnes:CG-3-4,
  author =       "L. Carnes",
  title =        "\smash{\TeX} et les graphiques pour le {PC}",
  journal =      j-GUTENBERG,
  year =         "1989",
  volume =       "3",
  pages =        "4--8",
  month =        "octobre",
}

@Article{Olejniczak-Burkert:CG-3-9,
  author =       "R. Olejniczak-Burkert",
  title =        "{\it texpic} -- design and implementation of a
                 picture graphics language in \smash{\TeX} {\`a} la
                 {\em pic}",
  journal =      j-GUTENBERG,
  year =         "1989",
  volume =       "3",
  pages =        "9--20",
  month =        "octobre",
}

@Article{Nicole:CG-3-21,
  author =       "O. Nicole",
  title =        "Un pilote graphique entre le logiciel statistique {S}
                 et {PiC}\smash{\TeX}",
  journal =      j-GUTENBERG,
  year =         "1989",
  volume =       "3",
  pages =        "21--31",
  month =        "octobre",
}

@Article{Chancelier:CG-3-32,
  author =       "J. Ph. Chancelier and A. Sulem",
  title =        "{MACRO}\smash{\TeX}~: un g{\'e}n{\'e}rateur de code
                 \smash{\LaTeX} impl{\'e}ment{\'e} en {MACSYMA}",
  journal =      j-GUTENBERG,
  year =         "1989",
  volume =       "3",
  pages =        "32--39",
  month =        "octobre",
}

@Article{Gaulle:CG-3-40,
  author =       "B. Gaulle",
  title =        "Nouvelles de {GUT\-en\-berg}",
  journal =      j-GUTENBERG,
  year =         "1989",
  volume =       "3",
  pages =        "40--47",
  month =        "octobre",
}

@Article{Brouard:CG-3-48,
  author =       "N. Brouard",
  title =        "Les disquettes {GUT89}~: une version compl{\`e}te de
                 \smash{\TeX} du domaine public sous {DOS}",
  journal =      j-GUTENBERG,
  year =         "1989",
  volume =       "3",
  pages =        "48--54",
  month =        "octobre",
}

@Article{Weil:CG-3-55,
  author =       "G. Weil and R. Seroul",
  title =        "Le coin des gourous",
  journal =      j-GUTENBERG,
  year =         "1989",
  volume =       "3",
  pages =        "55--59",
  month =        "octobre",
}

@Article{Andre:CG-3-60,
  author =       "J. Andr{\'e}",
  title =        "{M{\'e}dia}\smash{\TeX}",
  journal =      j-GUTENBERG,
  year =         "1989",
  volume =       "3",
  pages =        "60--65",
  month =        "octobre",
}

@Article{Borghi:CG-3-66,
  author =       "B. Borghi",
  title =        "Les fiches cuisine d'Onc' {Post\-Script}~: 2. un
                 {\'e}mulateur de table tra{\c{c}}ante",
  journal =      j-GUTENBERG,
  year =         "1989",
  volume =       "3",
  pages =        "66--68",
  month =        "octobre",
}

@Article{Andre:CG-3-69,
  author =       "J. Andr{\'e} and Ph. Louarn",
  title =        "Analyses bibliographiques",
  journal =      j-GUTENBERG,
  year =         "1989",
  volume =       "3",
  pages =        "69--70",
  month =        "octobre",
}

@Article{Andre:CG-4-1,
  author =       "J. Andr{\'e}",
  title =        "{\'E}ditorial~: mais que fait la police~?",
  journal =      j-GUTENBERG,
  year =         "1989",
  volume =       "4",
  pages =        "1--1",
  month =        "decembre",
}

@Article{Dardailler:CG-4-2,
  author =       "D. Dardailler",
  title =        "Normes et fontes",
  journal =      j-GUTENBERG,
  year =         "1989",
  volume =       "4",
  pages =        "2--8",
  month =        "decembre",
}

@Article{Andre:CG-4-9,
  author =       "J. Andr{\'e}",
  title =        "M{\'e}triques de fontes en typographie
                 traditionnelle",
  journal =      j-GUTENBERG,
  year =         "1989",
  volume =       "4",
  pages =        "9--22",
  month =        "decembre",
}

@Article{Andre:CG-4-23,
  author =       "J. Andr{\'e} and V. Ostromoukhov",
  title =        "Punk~: de {\METAFONT} {\`a} {Post\-Script}",
  journal =      j-GUTENBERG,
  year =         "1989",
  volume =       "4",
  pages =        "23--28",
  month =        "decembre",
}

@Article{Siebenmann:CG-4-29,
  author =       "L. Siebenmann",
  title =        "Une meilleure int{\'e}gration du graphisme
                 {Macintosh}",
  journal =      j-GUTENBERG,
  year =         "1989",
  volume =       "4",
  pages =        "29--38",
  month =        "decembre",
}

@Article{Knuth:CG-4-39,
  author =       "D. E. Knuth",
  title =        "\smash{\TeX} 3.0 ou le \smash{\TeX} nouveau va
                 arriver",
  journal =      j-GUTENBERG,
  year =         "1989",
  volume =       "4",
  pages =        "39--45",
  month =        "decembre",
}

@Article{Gaulle:CG-4-46,
  author =       "B. Gaulle",
  title =        "Br{\`e}ves de {GUT\-en\-berg}",
  journal =      j-GUTENBERG,
  year =         "1989",
  volume =       "4",
  pages =        "46--48",
  month =        "decembre",
}

@Article{Weil:CG-4-49,
  author =       "G. Weil and Ph. Louarn",
  title =        "Le coin des gourous",
  journal =      j-GUTENBERG,
  year =         "1989",
  volume =       "4",
  pages =        "49--51",
  month =        "decembre",
}

@Article{Gaulle:CG-4-52,
  author =       "B. Gaulle",
  title =        "Lu dans la presse",
  journal =      j-GUTENBERG,
  year =         "1989",
  volume =       "4",
  pages =        "52--53",
  month =        "decembre",
}

@Article{Andre:CG-4-54,
  author =       "J. Andr{\'e}",
  title =        "{M{\'e}dia}\smash{\TeX}",
  journal =      j-GUTENBERG,
  year =         "1989",
  volume =       "4",
  pages =        "54--56",
  month =        "decembre",
}

@Article{Gaulle:CG-5-1,
  author =       "B. Gaulle",
  title =        "{\'E}ditorial~: {\`a} propos de {GUT\-en\-berg}'90",
  journal =      j-GUTENBERG,
  year =         "1990",
  volume =       "5",
  pages =        "1--2",
  month =        "mai",
}

@Article{Ferguson:CG-5-3,
  author =       "M. J. Ferguson",
  title =        "Une {\`e}re nouvelle~: \smash{\TeX} v3.0",
  journal =      j-GUTENBERG,
  year =         "1990",
  volume =       "5",
  pages =        "3--7",
  month =        "mai",
}

@Article{Cerin:CG-5-8,
  author =       "Ch. C{\'e}rin and B. Lemaire",
  title =        "Vers l'introduction de la couleur dans \smash{\TeX}",
  journal =      j-GUTENBERG,
  year =         "1990",
  volume =       "5",
  pages =        "8--15",
  month =        "mai",
}

@Article{Grimault:CG-5-16,
  author =       "J. Grimault and A. Isambard",
  title =        "D{\'e}buter avec \smash{\LaTeX}",
  journal =      j-GUTENBERG,
  year =         "1990",
  volume =       "5",
  pages =        "16--19",
  month =        "mai",
}

@Article{Laugier:CG-5-20,
  author =       "M. Laugier",
  title =        "Pourquoi \smash{\TeX}~? et pourquoi pas~?",
  journal =      j-GUTENBERG,
  year =         "1990",
  volume =       "5",
  pages =        "20--25",
  month =        "mai",
}

@Article{Guillope:CG-5-26,
  author =       "L. Guillop{\'e}",
  title =        "Sur les codes {\`a} barre {EAN}",
  journal =      j-GUTENBERG,
  year =         "1990",
  volume =       "5",
  pages =        "26--29",
  month =        "mai",
}

@Article{Quitte:CG-5-30,
  author =       "P. Naudin et C. Quitt{\'e}",
  title =        "Typographie des programmes {Ada}",
  journal =      j-GUTENBERG,
  year =         "1990",
  volume =       "5",
  pages =        "30--40",
  month =        "mai",
}

@Article{Borceux:CG-5-41,
  author =       "F. Borceux",
  title =        "De la construction de diagrammes",
  journal =      j-GUTENBERG,
  year =         "1990",
  volume =       "5",
  pages =        "41--48",
  month =        "mai",
}

@Article{Laan:CG-5-49,
  author =       "K. van der Laan",
  title =        "Typesetting bridge via \smash{\TeX}",
  journal =      j-GUTENBERG,
  year =         "1990",
  volume =       "5",
  pages =        "49--61",
  month =        "mai",
}

@Article{Taupin:CG-5-62,
  author =       "D. Taupin",
  title =        "Musique en \smash{\TeX}~: {\'e}criture de musique
                 polyphonique ou instrumentale en plain \smash{\TeX}",
  journal =      j-GUTENBERG,
  year =         "1990",
  volume =       "5",
  pages =        "62--73",
  month =        "mai",
}

@Article{Laan:CG-5-74,
  author =       "K. van der Laan",
  title =        "\smash{\TeX} and {SGML}",
  journal =      j-GUTENBERG,
  year =         "1990",
  volume =       "5",
  pages =        "74--81",
  month =        "mai",
}

@Article{Delabbey:CG-6-1,
  author =       "C. Delabbe{\"y}",
  title =        "{\'E}ditorial~: vous avez dit {Toulouse}~?",
  journal =      j-GUTENBERG,
  year =         "1990",
  volume =       "6",
  pages =        "1--1",
  month =        "juillet",
}

@Article{Mittelbach:CG-6-2,
  author =       "F. Mittelbach and R. Sch{\"o}pf",
  title =        "\smash{\LaTeX} dans les ann{\'e}es 1990",
  journal =      j-GUTENBERG,
  year =         "1990",
  volume =       "6",
  pages =        "2--14",
  month =        "juillet",
}

@Article{Cousquer:CG-6-15,
  author =       "A. Cousquer",
  title =        "En chinois dans le \smash{\TeX}te",
  journal =      j-GUTENBERG,
  year =         "1990",
  volume =       "6",
  pages =        "15--24",
  month =        "juillet",
}

@Article{Siebenmann:CG-6-25,
  author =       "L. Siebenmann",
  title =        "L\smash{\AMSTEX} --- un nouveau formateur de {Michael
                 Spivak}",
  journal =      j-GUTENBERG,
  year =         "1990",
  volume =       "6",
  pages =        "25--33",
  month =        "juillet",
}

@Article{Beebe:CG-6-34,
  author =       "N. H. F. Beebe",
  title =        "Greetings from the {TUG} president",
  journal =      j-GUTENBERG,
  year =         "1990",
  volume =       "6",
  pages =        "34--38",
  month =        "juillet",
}

@Article{Marshall:CG-6-39,
  author =       "A. Marshall",
  title =        "Manuels typographiques conserv{\'e}s au {Mus{\'e}e}
                 de l'impri\-merie de {Lyon}",
  journal =      j-GUTENBERG,
  year =         "1990",
  volume =       "6",
  pages =        "39--41",
  month =        "juillet",
}

@Article{Andre:CG-6-42,
  author =       "J. Andr{\'e} and J. Grimault",
  title =        "Le{\c{c}}ons de microtypographie~: 1--emploi des
                 capitales (premi{\`e}re partie)",
  journal =      j-GUTENBERG,
  year =         "1990",
  volume =       "6",
  pages =        "42--50",
  month =        "juillet",
}

@Article{Cornelis:CG-6-51,
  author =       "{\'E}. Cornelis",
  title =        "Analyse bibliographique~: {\em \smash{\LaTeX} la
                 perfection dans le traitement de texte}",
  journal =      j-GUTENBERG,
  year =         "1990",
  volume =       "6",
  pages =        "51--52",
  month =        "juillet",
}

@Article{Weil:CG-6-53,
  author =       "G. Weil and R. Seroul",
  title =        "Le coin des gourous",
  journal =      j-GUTENBERG,
  year =         "1990",
  volume =       "6",
  pages =        "53--59",
  month =        "juillet",
}

@Article{Borghi:CG-6-60,
  author =       "B. Borghi",
  title =        "Les fiches cuisine d'Onc' {Post\-Script}~: {\'e}crire
                 en fran{\c{c}}ais avec {Post\-Script} ",
  journal =      j-GUTENBERG,
  year =         "1990",
  volume =       "6",
  pages =        "60--62",
  month =        "juillet",
}

@Article{Andre:CG-7-1,
  author =       "J. Andr{\'e}",
  title =        "{\'E}ditorial~: {GUT\-en\-berg} et l'{Europe} de~92",
  journal =      j-GUTENBERG,
  year =         "1990",
  volume =       "7",
  pages =        "1--2",
  month =        "novembre",
}

@Article{Flynn:CG-7-3,
  author =       "P. Flynn",
  title =        "Logiciels \smash{\TeX} sur serveurs",
  journal =      j-GUTENBERG,
  year =         "1990",
  volume =       "7",
  pages =        "3--16",
  month =        "novembre",
}

@Article{Vibert:CG-7-17,
  author =       "J.-F. Vibert",
  title =        "Le gestionnaire {BIBLIO}\smash{\TeX}",
  journal =      j-GUTENBERG,
  year =         "1990",
  volume =       "7",
  pages =        "17--22",
  month =        "novembre",
}

@Article{Louarn:CG-7-23,
  author =       "Ph. Louarn",
  title =        "Traitement d'index avec \smash{\LaTeX}",
  journal =      j-GUTENBERG,
  year =         "1990",
  volume =       "7",
  pages =        "23--28",
  month =        "novembre",
}

@Article{Ferguson:CG-7-29,
  author =       "M. J. Ferguson",
  title =        "Fontes latines europ{\'e}ennes et \smash{\TeX} 3.0",
  journal =      j-GUTENBERG,
  year =         "1990",
  volume =       "7",
  pages =        "29--32",
  month =        "novembre",
}

@Article{Baudin:CG-7-33,
  author =       "F. Baudin",
  title =        "``La typographie'' {\oguill} entre
                 guillemets{\fguill}",
  journal =      j-GUTENBERG,
  year =         "1990",
  volume =       "7",
  pages =        "33--34",
  month =        "novembre",
}

@Article{Megevand:CG-7-35,
  author =       "D. M{\'e}gevand",
  title =        "\smash{\TeX} 90 -- {\'a}{\i}lte {\i}
                 {gCol}{\'a}{\i}ste na {hOllsco}{\i}le, Corca{\i}gh",
  journal =      j-GUTENBERG,
  year =         "1990",
  volume =       "7",
  pages =        "35--37",
  month =        "novembre",
}

@Article{Gaulle:CG-7-38,
  author =       "B. Gaulle and O. Nicole",
  title =        "Ballades irlandaises",
  journal =      j-GUTENBERG,
  year =         "1990",
  volume =       "7",
  pages =        "38--40",
  month =        "novembre",
}

@Article{Picheral:CG-7-41,
  author =       "{\'E}. Picheral",
  title =        "Comment le faire en \smash{\LaTeX}",
  journal =      j-GUTENBERG,
  year =         "1990",
  volume =       "7",
  pages =        "41--43",
  month =        "novembre",
}

@Article{Borghi:CG-7-44,
  author =       "B. Borghi",
  title =        "Les fiches cuisine d'Onc {Post\-Script}~:
                 \smash{\TeX} et {Post\-Script} vont chez l'imprimeur",
  journal =      j-GUTENBERG,
  year =         "1990",
  volume =       "7",
  pages =        "44--47",
  month =        "novembre",
}

@Article{Knuth:CG-8-1,
  author =       "D. E. Knuth",
  title =        "L'avenir de \smash{\TeX} et de {\METAFONT}",
  journal =      j-GUTENBERG,
  year =         "1991",
  volume =       "8",
  pages =        "1--2",
  month =        "mars",
}

@Article{Marshall:CG-8-3,
  author =       "A. Marshall",
  title =        "La composition typographique",
  journal =      j-GUTENBERG,
  year =         "1991",
  volume =       "8",
  pages =        "3--9",
  month =        "mars",
}

@Article{Bertrand:CG-8-10,
  author =       "A. Bertrand",
  title =        "La typographie et la loi",
  journal =      j-GUTENBERG,
  year =         "1991",
  volume =       "8",
  pages =        "10--20",
  month =        "mars",
}

@Article{Trepos:CG-8-21,
  author =       "R. Tr{\'e}pos and Ph. Louarn",
  title =        "Serveurs de fichiers et de fontes pour \smash{\TeX}",
  journal =      j-GUTENBERG,
  year =         "1991",
  volume =       "8",
  pages =        "21--28",
  month =        "mars",
}

@Article{Andre:CG-8-29,
  author =       "J. Andr{\'e} and J. Bur",
  title =        "M{\'e}trique de fontes {Post\-Script}",
  journal =      j-GUTENBERG,
  year =         "1991",
  volume =       "8",
  pages =        "29--50",
  month =        "mars",
}

@Article{Nicole:CG-8-51,
  author =       "O. Nicole and J. Andr{\'e}",
  title =        "Analyses bibliographiques",
  journal =      j-GUTENBERG,
  year =         "1991",
  volume =       "8",
  pages =        "51--56",
  month =        "mars",
}

@Article{Picheral:CG-8-57,
  author =       "\smash{{\'E}.} Picheral",
  title =        "Comment le faire en \smash{\LaTeX}",
  journal =      j-GUTENBERG,
  year =         "1991",
  volume =       "8",
  pages =        "57--58",
  month =        "mars",
}

@Article{Weil:CG-8-59,
  author =       "G. Weil",
  title =        "Le coin des gourous",
  journal =      j-GUTENBERG,
  year =         "1991",
  volume =       "8",
  pages =        "59--61",
  month =        "mars",
}

@Article{Andre:CG-9-1,
  author =       "J. Andr{\'e}",
  title =        "{\'E}ditorial~: un nouveau style pour les {{\em
                 Cahiers {GUT\-en\-berg}}}",
  journal =      j-GUTENBERG,
  year =         "1991",
  volume =       "9",
  pages =        "1--2",
  month =        "juillet",
}

@Article{Cousquer:CG-9-3,
  author =       "A. Cousquer and {\'E}. Picheral",
  title =        "Polices, {\TeX} et Cie",
  journal =      j-GUTENBERG,
  year =         "1991",
  volume =       "9",
  pages =        "3--31",
  month =        "juillet",
}

@Article{Louarn:CG-9-32,
  author =       "Ph. Louarn",
  title =        "Lucida, une fonte compl{\`e}te pour {\LaTeX} et son
                 installation",
  journal =      j-GUTENBERG,
  year =         "1991",
  volume =       "9",
  pages =        "32--40",
  month =        "juillet",
}

@Article{Nicole:CG-9-41,
  author =       "O. Nicole - {\rm trad.}",
  title =        "{\em The Economist} polit ses polices",
  journal =      j-GUTENBERG,
  year =         "1991",
  volume =       "9",
  pages =        "41--48",
  month =        "juillet",
}

@Article{Quint:CG-9-49,
  author =       "V. Quint and others",
  title =        "Grif et l'{\'e}dition de documents structur{\'e}s",
  journal =      j-GUTENBERG,
  year =         "1991",
  volume =       "9",
  pages =        "49--65",
  month =        "juillet",
  bibdate =      "Wed Nov  1 08:10:29 2000",
}

@Article{Thomas:CG-9-66,
  author =       "H. Thomas",
  title =        "Typographie du jeu d'{\'e}checs",
  journal =      j-GUTENBERG,
  year =         "1991",
  volume =       "9",
  pages =        "66--74",
  month =        "juillet",
}

@Article{Heck:CG-9-75,
  author =       "A. Heck",
  title =        "Star{\TeX}",
  journal =      j-GUTENBERG,
  year =         "1991",
  volume =       "9",
  pages =        "75--78",
  month =        "juillet",
}

@Article{Haralambous:CG-9-79,
  author =       "Y. Haralambous",
  title =        "Quand {\TeX} rencontre {Mozart}{\ldots}",
  journal =      j-GUTENBERG,
  year =         "1991",
  volume =       "9",
  pages =        "79--82",
  month =        "juillet",
}

@Article{Gaulle:CG-9-83,
  author =       "B. Gaulle",
  title =        "L'association{\ldots} fait la force",
  journal =      j-GUTENBERG,
  year =         "1991",
  volume =       "9",
  pages =        "83--85",
  month =        "juillet",
}

@Article{Picheral:CG-9-86,
  author =       "{\'E}. Picheral",
  title =        "Distribution {MLTeX} v.3.14 pour {Sun}",
  journal =      j-GUTENBERG,
  year =         "1991",
  volume =       "9",
  pages =        "86--87",
  month =        "juillet",
}

@Article{Malyshev:CG-10-1,
  author =       "B. Malyshev and A. Samarin and D. Vulis",
  title =        "Russian {\TeX}",
  journal =      j-GUTENBERG,
  year =         "1991",
  volume =       "10-11",
  pages =        "1--6",
  month =        "septembre",
}

@Article{Jurriens:CG-10-7,
  author =       "T. Jurriens",
  title =        "{TeX}\-niques in {Siberia}",
  journal =      j-GUTENBERG,
  year =         "1991",
  volume =       "10-11",
  pages =        "7--14",
  month =        "septembre",
}

@Article{Knappen:CG-10-15,
  author =       "J. Knappen",
  title =        "{\TeX} and {Africa}",
  journal =      j-GUTENBERG,
  year =         "1991",
  volume =       "10-11",
  pages =        "15--24",
  month =        "septembre",
}

@Article{Boughaba:CG-10-25,
  author =       "O. Boughaba and S. Boutalbi and M. Fanton",
  title =        "Vers une version arabis{\'e}e de {\TeX}",
  journal =      j-GUTENBERG,
  year =         "1991",
  volume =       "10-11",
  pages =        "25--44",
  month =        "septembre",
}

@Article{Malyshev:CG-10-45,
  author =       "B. Malyshev and A. Samarin",
  title =        "{\TeX} Integrated Shell for {IBM} {PC}",
  journal =      j-GUTENBERG,
  year =         "1991",
  volume =       "10-11",
  pages =        "45--56",
  month =        "septembre",
}

@Article{Zlatuska:CG-10-57,
  author =       "J. Zlatu{\v{s}}ka",
  title =        "Automatic generation of virtual fonts with accented
                 letters for {\TeX}",
  journal =      j-GUTENBERG,
  year =         "1991",
  volume =       "10-11",
  pages =        "57--68",
  month =        "septembre",
}

@Article{Haralambous:CG-10-69,
  author =       "Y. Haralambous",
  title =        "Scholar{\TeX}",
  journal =      j-GUTENBERG,
  year =         "1991",
  volume =       "10-11",
  pages =        "69--70",
  month =        "septembre",
}

@Article{Braams:CG-10-71,
  author =       "J. Braams",
  title =        "Babel, a multilingual style-option system",
  journal =      j-GUTENBERG,
  year =         "1991",
  volume =       "10-11",
  pages =        "71--72",
  month =        "septembre",
}

@Article{Fanton:CG-10-73,
  author =       "M. Fanton",
  title =        "{\TeX}~: les limites du multilinguisme",
  journal =      j-GUTENBERG,
  year =         "1991",
  volume =       "10-11",
  pages =        "73--80",
  month =        "septembre",
}

@Article{Schrod:CG-10-81,
  author =       "J. Schrod",
  title =        "An International Version of {Make\-Index}",
  journal =      j-GUTENBERG,
  year =         "1991",
  volume =       "10-11",
  pages =        "81--90",
  month =        "septembre",
}

@Article{Bacsich:CG-10-91,
  author =       "P. Bacsich and E. Heyes and P. Lefrere and G.
                 Yarwood",
  title =        "Conversion of {Micro\-soft Word} into {\LaTeX}",
  journal =      j-GUTENBERG,
  year =         "1991",
  volume =       "10-11",
  pages =        "91--92",
  month =        "septembre",
}

@Article{Lavaud:CG-10-93,
  author =       "M. Lavaud",
  title =        "As{\TeX}~: An integrated and customizable multiwindow
                 environment for scientific research",
  journal =      j-GUTENBERG,
  year =         "1991",
  volume =       "10-11",
  pages =        "93--116",
  month =        "septembre",
}

@Article{Larsen:CG-10-117,
  author =       "S. Larsen and A. F. Jensen",
  title =        "Tailored database publishing with {\TeX}",
  journal =      j-GUTENBERG,
  year =         "1991",
  volume =       "10-11",
  pages =        "117--134",
  month =        "septembre",
}

@Article{Leguy:CG-10-135,
  author =       "B. Leguy",
  title =        "Drawing tree structures with {GWEZ}",
  journal =      j-GUTENBERG,
  year =         "1991",
  volume =       "10-11",
  pages =        "135--146",
  month =        "septembre",
}

@Article{Laan:CG-10-147,
  author =       "K. van der Laan",
  title =        "Math into {BLU}es: Sing your song",
  journal =      j-GUTENBERG,
  year =         "1991",
  volume =       "10-11",
  pages =        "147--170",
  month =        "septembre",
}

@Article{Binding:CG-10-171,
  author =       "A. Binding",
  title =        "Organizing a large collection of stylefiles",
  journal =      j-GUTENBERG,
  year =         "1991",
  volume =       "10-11",
  pages =        "171--184",
  month =        "septembre",
}

@Article{Dobrowolski:CG-10-185,
  author =       "A. E. Dobrowolski",
  title =        "Typesetting {SGML}{} Documents Using {\TeX}",
  journal =      j-GUTENBERG,
  year =         "1991",
  volume =       "10-11",
  pages =        "185--196",
  month =        "septembre",
}

@Article{Cerin:CG-10-197,
  author =       "Ch. C{\'e}rin",
  title =        "Vers la construction de macros de mise en couleur
                 pour {\TeX}",
  journal =      j-GUTENBERG,
  year =         "1991",
  volume =       "10-11",
  pages =        "197--208",
  month =        "septembre",
}

@Article{Laugier:CG-10-209,
  author =       "M. Laugier",
  title =        "Composition des formules chimiques en {\TeX}",
  journal =      j-GUTENBERG,
  year =         "1991",
  volume =       "10-11",
  pages =        "209--221",
  month =        "septembre",
}

@Article{Gaulle:CG-12-1,
  author =       "B. Gaulle",
  title =        "{\'E}ditorial~: {\`a} propos d'erratum",
  journal =      j-GUTENBERG,
  year =         "1991",
  volume =       "12",
  pages =        "1--2",
  month =        "decembre",
}

@Article{Gopelt:CG-12-3,
  author =       "E. G{\"o}pelt and B. Schmid",
  title =        "{WY}{\-}{SI}{\-}{WYG}-{\TeX}-editors on the basis of
                 object-oriented system technology",
  journal =      j-GUTENBERG,
  year =         "1991",
  volume =       "12",
  pages =        "3--12",
  month =        "decembre",
}

@Article{Spivak:CG-12-13,
  author =       "M. Spivak",
  title =        "{\LamSTeX}: A Public Domain Document Preparation
                 System Extended {\AmSTeX}",
  journal =      j-GUTENBERG,
  year =         "1991",
  volume =       "12",
  pages =        "13--20",
  month =        "decembre",
}

@Article{MacKay:CG-12-21,
  author =       "P. A. MacKay",
  title =        "Un regard sur les pixels. Obtention de fontes de
                 qualit{\'e} pour imprimantes {\`a} laser {\`a} 300~dpi
                 gr{\^a}ce {\`a} {\MF}",
  journal =      j-GUTENBERG,
  year =         "1991",
  volume =       "12",
  pages =        "21--36",
  month =        "decembre",
}

@Article{Goossens:CG-12-37,
  author =       "M. Goossens and E. van herwijnen",
  title =        "Introduction {\`a} {SGML}, {DSSSL} et {SPDL}",
  journal =      j-GUTENBERG,
  year =         "1991",
  volume =       "12",
  pages =        "37--56",
  month =        "decembre",
}

@Article{Andre:CG-12-57,
  author =       "J. Andr{\'e} and Ph. Louarn",
  title =        "Notes en bas de pages~: comment les faire en
                 {\LaTeX}?",
  journal =      j-GUTENBERG,
  year =         "1991",
  volume =       "12",
  pages =        "57--70",
  month =        "decembre",
}

@Article{Samarin:CG-12-71,
  author =       "A. Samarin and A. Urvantsev",
  title =        "Cyr{TUG}, le monde {\TeX} en cyrillique",
  journal =      j-GUTENBERG,
  year =         "1991",
  volume =       "12",
  pages =        "71--74",
  month =        "decembre",
}

@Article{Kolodziejska:CG-12-75,
  author =       "H. Ko{\l}odziejska",
  title =        "{\TeX} en {Pologne}",
  journal =      j-GUTENBERG,
  year =         "1991",
  volume =       "12",
  pages =        "75--77",
  month =        "decembre",
}

@Article{Andre:CG-12-78,
  author =       "J. Andr{\'e}",
  title =        "Lu, vu ou entendu",
  journal =      j-GUTENBERG,
  year =         "1991",
  volume =       "12",
  pages =        "78--83",
  month =        "decembre",
}

@Article{Anonymous:CG-12-84,
  author =       "Anonymous",
  title =        "Table des mati{\`e}res pour l'ann{\'e}e 1991",
  journal =      j-GUTENBERG,
  year =         "1991",
  volume =       "12",
  pages =        "84--??",
  month =        "decembre",
}
