%%
%% This is file `book.bib',
%% generated with the docstrip utility.
%%
%% The original source files were:
%%
%% jurabib.dtx  (with options: `book')
%% ----------------------------------------
%% Example BibTeX file for the documentation
%%         of the jurabib package v0.6
%% Copyright (C) 1999-2004 Jens Berger (http://www.jurabib.org)
%% See jurabib.ins for the copyright details.
%% 
@BOOK{broxbgb,
  author      = {Hans Brox},
  title       = {Allgemeiner Teil des B{\"u}rgerlichen Gesetzbuches},
  shorttitle  = {BGB~AT},
  year        = 1996,
  language    = {german},
  address     = {K{\"o}ln, Berlin, Bonn, M{\"u}nchen},
  edition     = 20,
  annote      = {This is a senseless test for testing the annote field.\par If
                 you are reading this text now, note that you can switch
                 off the output of this field by removing the \texttt{annote} option
                 \begin{itemize}\item You are able to use lists inside the annote field\end{itemize}}
}
@BOOK{broxschr,
  author      = {Hans Brox},
  title       = {Besonderes Schuldrecht},
  shorttitle  = {SchR~BT},
  year        = 1995,
  language    = {german},
  address     = {M{\"u}nchen},
  edition     = 20
}
@BOOK{canaris,
  author      = {Claus Wilhelm Cannabis},
  title       = {Die Vertrauenshaftung im deutschen Privatrecht},
  shorttitle  = {Vertrauenshaftung},
  year        = 1971,
  language    = {german},
  address     = {M{\"u}nchen}
}
@BOOK{ennenipp,
  author      = {Ludwig Enneccerus and Hans Carl Nipperdey},
  title       = {Allgemeiner Teil des B{\"u}rgerlichen Rechts},
  year        = 1960,
  volume      = {1},
  language    = {german},
  volumetitle = {zweiter Halbband},
  address     = {T{\"u}bingen},
  edition     = 15
}
@BOOK{huebner,
  author      = {Heinz H{\"u}bner},
  title       = {Allgemeiner Teil des B{\"u}rgerlichen Gesetzbuches},
  shorttitle  = {BGB~AT},
  year        = 1996,
  language    = {german},
  address     = {Berlin, New York},
  edition     = 2
}
@BOOK{koehler,
  author      = {Helmut K{\"o}hler},
  title       = {BGB Allgemeiner Teil},
  shorttitle  = {BGB~AT},
  language    = {german},
  year        = 1996,
  address     = {M{\"u}nchen},
  edition     = 23
}
@BOOK{medicus,
  author      = {Dieter Medicus},
  title       = {Allgemeiner Teil des BGB},
  shorttitle  = {BGB~AT},
  year        = 1995,
  howcited    = 1,
  address     = {M{\"u}nchen},
  edition     = {6}
}
@BOOK{musielak,
  author      = {Hans-Joachim Musielak},
  title       = {Grundkurs BGB},
  shorttitle  = {BGB~GK},
  language    = {german},
  year        = 1994,
  address     = {M{\"u}nchen}
}
@BOOK{alexy,
  author      = {Alexy, Robert},
  title       = {Theorie der Grundrechte},
  year        = 1985,
  address     = {Baden-Baden},
  school      = {G{\"o}ttingen},
  dissyear    = 1984
}
@BOOK{kkstrr,
  author      = {Kurt Kodal and Joachim Kr{\"a}mer},
  title       = {Stra{\ss}enrecht},
  shorttitle  = {StrR},
  year        = 1995,
  address     = {M{\"u}nchen},
  edition     = {5},
  pages       = {30--34, \S~24}
}
%% 
%%
%% End of file `book.bib'.
