%%
%% This is file `jbtest.bib',
%% generated with the docstrip utility.
%%
%% The original source files were:
%%
%% jurabib.dtx  (with options: `jbtestbib')
%% ----------------------------------------
%% Example BibTeX file for the documentation
%%         of the jurabib package v0.6
%% Copyright (C) 1999-2004 Jens Berger (http://www.jurabib.org)
%% See jurabib.ins for the copyright details.
%% 
@BOOK{broxbgb,
  author      = {Hans Brox},
  title       = {Allgemeiner Teil des B{\"u}rgerlichen Gesetzbuches},
  shorttitle  = {BGB~AT},
  year        = 1996,
  language    = {german},
  address     = {K{\"o}ln, Berlin, Bonn, M{\"u}nchen},
  edition     = 20,
  annote      = {This is a senseless test for testing the annote field.\par If
                 you are reading this text now, note that you can switch
                 off the output of this field by removing the \texttt{annote} option
                 \begin{itemize}\item You are able to use lists inside the annote field\end{itemize}}
}
@BOOK{broxschr,
  author      = {Hans Brox},
  title       = {Besonderes Schuldrecht},
  shorttitle  = {SchR~BT},
  year        = 1995,
  language    = {german},
  address     = {M{\"u}nchen},
  edition     = 20
}
@BOOK{canaris,
  author      = {Claus Wilhelm Cannabis},
  title       = {Die Vertrauenshaftung im deutschen Privatrecht},
  shorttitle  = {Vertrauenshaftung},
  year        = 1971,
  language    = {german},
  address     = {M{\"u}nchen}
}
@BOOK{ennenipp,
  author      = {Ludwig Enneccerus and Hans Carl Nipperdey},
  title       = {Allgemeiner Teil des B{\"u}rgerlichen Rechts},
  year        = 1960,
  volume      = {1},
  language    = {german},
  volumetitle = {zweiter Halbband},
  address     = {T{\"u}bingen},
  edition     = 15
}
@BOOK{huebner,
  author      = {Heinz H{\"u}bner},
  title       = {Allgemeiner Teil des B{\"u}rgerlichen Gesetzbuches},
  shorttitle  = {BGB~AT},
  year        = 1996,
  language    = {german},
  address     = {Berlin, New York},
  edition     = 2
}
@BOOK{koehler,
  author      = {Helmut K{\"o}hler},
  title       = {BGB Allgemeiner Teil},
  shorttitle  = {BGB~AT},
  language    = {german},
  year        = 1996,
  address     = {M{\"u}nchen},
  edition     = 23
}
@BOOK{medicus,
  author      = {Dieter Medicus},
  title       = {Allgemeiner Teil des BGB},
  shorttitle  = {BGB~AT},
  year        = 1995,
  howcited    = 1,
  address     = {M{\"u}nchen},
  edition     = {6}
}
@BOOK{musielak,
  author      = {Hans-Joachim Musielak},
  title       = {Grundkurs BGB},
  shorttitle  = {BGB~GK},
  language    = {german},
  year        = 1994,
  address     = {M{\"u}nchen}
}
@BOOK{alexy,
  author      = {Alexy, Robert},
  title       = {Theorie der Grundrechte},
  year        = 1985,
  address     = {Baden-Baden},
  school      = {G{\"o}ttingen},
  dissyear    = 1984
}
@BOOK{kkstrr,
  author      = {Kurt Kodal and Joachim Kr{\"a}mer},
  title       = {Stra{\ss}enrecht},
  shorttitle  = {StrR},
  year        = 1995,
  address     = {M{\"u}nchen},
  edition     = {5},
  pages       = {30--34, \S~24}
}
@ARTICLE{broxja,
  author      = {Hans Brox},
  gender      = {sm},
  title       = {Die Anfechtung bei der Stellvertretung},
  journal     = {JA},
  language    = {german},
  year        = 1980,
  address     = {M{\"u}nchen}
}
@ARTICLE{eujenfrank,
  author      = {Heiko Eujen and Rainer Frank},
  gender      = {pm},
  title       = {Anfechtung der Bevollm{\"a}chtigung nach Abschluﬂ des
                 Vertretergesch{\"a}ftes\,?},
  language    = {german},
  journal     = {JZ},
  year        = 1973
}
@ARTICLE{proelss,
  author      = {J{\"u}rgen Pr{\"o}lss},
  gender      = {sm},
  title       = {Vertretung ohne Vertretungsmacht\,?},
  journal     = {JuS},
  language    = {german},
  year        = 1985
}
@PERIODICAL{oellers,
  author      = {Bernd Oellers},
  gender      = {sm},
  title       = {Doppelwirkung im Recht\,?},
  journal     = {AcP},
  language    = {german},
  year        = 1969,
  volume      = 169
}
@COMMENTED{erm,
  author      = {Walther Erman},
  gender      = {sm},
  title       = {Handkommentar zum B{\"u}rgerlichen Gesetzbuch},
  address     = {M{\"u}nster},
  language    = {german},
  year        = 1993,
  volume      = 1,
  edition     = {9}
}
@COMMENTED{mueko,
  title       = {Kommentar zum B{\"u}rgerlichen Gesetzbuch},
  shortauthor = {M{\"u}Ko},
  address     = {M{\"u}nchen},
  language    = {german},
  year        = 1994,
  volume      = 2,
  volumetitle = {-- Schuldrecht -- Allgemeiner Teil},
  edition     = {3}
}
@COMMENTED{palandt,
  author      = {Otto Palandt},
  gender      = {sm},
  title       = {Kommentar zum B{\"u}rgerlichen Gesetzbuch},
  address     = {M{\"u}nchen},
  language    = {german},
  year        = 1996,
  edition     = {6}
}
@COMMENTED{soergel,
  author      = {Hans Theodor Soergel},
  gender      = {sm},
  title       = {Kommentar zum B{\"u}rgerlichen Gesetzbuch},
  address     = {Stuttgart, Berlin, K{\"o}ln, Mainz},
  year        = 1987,
  howcited    = 1,
  edition     = 12,
  volume      = 1,
  language    = {german}
}
@MASTERSTHESIS{alexymthesis,
  author      = {Alexy, Robert},
  gender      = {sm},
  title       = {Theorie der Grundrechte},
  year        = 1984,
  school      = {G{\"o}ttingen}
}
@PHDTHESIS{alexyphdthesisi,
  author      = {Alexy, Robert},
  gender      = {sm},
  title       = {Theorie der Grundrechte},
  year        = 1984,
  school      = {G{\"o}ttingen}
}
@PHDTHESIS{alexyphdthesisii,
  author      = {Alexy, Robert},
  gender      = {sm},
  title       = {Theorie der Grundrechte},
  year        = 1984,
  type        = {Habil.},
  school      = {G{\"o}ttingen}
}
@JURTHESIS{alexyjurthesisi,
  author      = {Alexy, Robert},
  gender      = {sm},
  title       = {Theorie der Grundrechte},
  year        = 1984,
  school      = {G{\"o}ttingen}
}
@JURTHESIS{alexyjurthesis,
  author      = {Alexy, Robert},
  gender      = {sm},
  title       = {Theorie der Grundrechte},
  year        = 1984,
  type        = {Habil.},
  school      = {G{\"o}ttingen}
}
@WWW{jbtesturl,
  author      = {Jens Berger},
  gender      = {sm},
  title       = {Home of jurabib},
  url         = {http://www.jurabib.org/docs/english/jbendoc.html},
}
%% 
%%
%% End of file `jbtest.bib'.
