%%
%% This is file `jbtesthu.bib',
%% generated with the docstrip utility.
%%
%% The original source files were:
%%
%% jurabib.dtx  (with options: `jbtesthubib')
%% ----------------------------------------
%% Example BibTeX file for the documentation
%%         of the jurabib package v0.6
%% Copyright (C) 1999-2004 Jens Berger (http://www.jurabib.org)
%% See jurabib.ins for the copyright details.
%% 
@BOOK{bergmeier80,
  author      = {Bergmeier, Roland},
  gender      = {sm},
  title       = {Glaube als Gabe nach Johannes: Religions- und
                Theologiegeschichtliche Studien zum pr{\"a}destinatianischen
                Dualismus im vierten Evangelium},
  publisher   = {W. Kohlhammer},
  year        = 1980,
  volume      = 112,
  series      = {Beitr{\"a}ge zur Wissenschaft vom Alten und Neuen Testament},
  address     = {Stuttgart etc.},
  keywords    = {Predestinatie; Johannes; Gnostiek; Qumran; Dualisme},
  language    = {german},
  shorttitle  = {Glaube als Gabe},
  annote      = {This is a senseless test for testing the annote field.\par If
                 you are reading this text now, note that you can switch
                 off the output of this field by removing the \texttt{annote} option
                 \begin{itemize}\item You are able to use lists inside the annote field\end{itemize}}
}
@ARTICLE{helm72,
  author      = {Helm, Paul},
  gender      = {sm},
  title       = {Revealed Propositions and Timeless Truths},
  journal     = {Religious Studies},
  year        = 1972,
  volume      = 8,
  pages       = {127--136},
  comment     = {Nog eens kopieren}
}
@BOOK{helm82,
  author      = {Helm, Paul},
  gender      = {sm},
  title       = {Divine Revelation: The Basic Issues},
  year        = 1982,
  address     = {London},
  annote      = {Verdediging van propositionele visie op Openbaring},
  language    = {english},
  shorttitle  = {Divine Revelation}
}
@INCOLLECTION{helm82a,
  author      = {Helm, Paul},
  gender      = {sm},
  title       = {The Role of Logic in Biblical Interpretation},
  editor      = {E. Radmacher and R. Preus},
  booktitle   = {Hermeneutics, Inerrancy, \& the Bible},
  year        = 1982,
  pages       = {841--858},
  address     = {Grand Rapids},
  language    = {english},
  shorttitle  = {Role of Logic}
}
@BOOK{helm97,
  author      = {Helm, Paul},
  gender      = {sm},
  title       = {Faith and Understanding},
  year        = 1997,
  series      = {Reason and Religion},
  address     = {Edinburgh},
  publisher   = {Edinburgh University Press},
  language    = {english}
}
@INCOLLECTION{Thiselton99,
  author      = {Thiselton, Anthony C.},
  gender      = {sm},
  title       = {Communicative Action and Promise in
                 Interdisciplinary, Biblical, and Theological Hermeneutics},
  booktitle   = {The Promise of Hermeneutics},
  pages       = {133--240},
  crossref    = {LunWalThis99},
  shorttitle  = {Communicative Action}
}
@BOOK{LunWalThis99,
  editor      = {Lundin, Roger and Walhout, Clarence and Thiselton, Anthony C.},
  gender      = {pm},
  year        = 1999,
  title       = {The Promise of Hermeneutics},
  publisher   = {Eerdmans},
  address     = {Grand Rapids},
  shorttitle  = {Promise}
}
@INCOLLECTION{Lundin99,
  author      = {Lundin, Roger},
  gender      = {sm},
  title       = {Interpreting Orphans: Hermeneutics in the Cartesian
                 Tradition},
  booktitle   = {The Promise of Hermeneutics},
  pages       = {1--64},
  crossref    = {LunWalThis99},
  shorttitle  = {Interpreting Orphans}
}
@Book{Oberman88,
  author      = {Oberman, Heiko Augustinus},
  gender      = {sm},
  title       = {De erfenis van Calvijn: grootheid en grenzen: drie
                 lezingen},
  publisher   = {Kok},
  year        = 1988,
  address     = {Kampen},
  annote      = {zie liter},
  series      = {Kuyper-voordrachten},
  language    = {dutch}
}
@Book{Kraft74,
  editor      = {Kraft, Robert A. and Attridge, Harold and Spittler, Russell and Timbie, Janet},
  gender      = {pm},
  title       = {The Testament of Job According to the SV Text},
  publisher   = {Society of Biblical Literature \& Scholars' Press},
  year        = 1937,
  volume      = 4,
  series      = {Texts and Translations 5: Pseudepigrapha Series},
  address     = {Missoula, Montana},
}
%% 
%%
%% End of file `jbtesthu.bib'.
